@inproceedings{achlioptas2001database,
  title={Database-friendly random projections},
  author={Achlioptas, Dimitris},
  booktitle={Proceedings of the twentieth ACM SIGMOD-SIGACT-SIGART symposium on Principles of database systems},
  pages={274--281},
  year={2001},
  organization={ACM}
}
@article{adams2018estimating,
  title={Estimating the Spectral Density of Large Implicit Matrices},
  author={Adams, Ryan P and Pennington, Jeffrey and Johnson, Matthew J and Smith, Jamie and Ovadia, Yaniv and Patton, Brian and Saunderson, James},
  journal={arXiv preprint arXiv:1802.03451},
  year={2018}
}
@inproceedings{agarwal2009information,
  title={Information-theoretic lower bounds on the oracle complexity of convex optimization},
  author={Agarwal, Alekh and Wainwright, Martin J and Bartlett, Peter L and Ravikumar, Pradeep K},
  booktitle={Advances in Neural Information Processing Systems},
  pages={1--9},
  year={2009}
}
@inproceedings{avron2010counting,
  title={Counting triangles in large graphs using randomized matrix trace estimation},
  author={Avron, Haim},
  booktitle={Workshop on Large-scale Data Mining: Theory and Applications},
  volume={10},
  pages={10--9},
  year={2010}
}
@article{avron2011randomized,
  title={Randomized algorithms for estimating the trace of an implicit symmetric positive semi-definite matrix},
  author={Avron, Haim and Toledo, Sivan},
  journal={Journal of the ACM (JACM)},
  volume={58},
  number={2},
  pages={8},
  year={2011},
  publisher={ACM}
}
@article{boutsidis2017randomized,
  title={A randomized algorithm for approximating the log determinant of a symmetric positive definite matrix},
  author={Boutsidis, Christos and Drineas, Petros and Kambadur, Prabhanjan and Kontopoulou, Eugenia-Maria and Zouzias, Anastasios},
  journal={Linear Algebra and its Applications},
  volume={533},
  pages={95--117},
  year={2017},
  publisher={Elsevier}
}
@misc{cook2009upper,
  title={Upper and lower bounds for the normal distribution function},
  author={Cook, John D},
  year={2009}
}
@article{di2016efficient,
  title={Efficient estimation of eigenvalue counts in an interval},
  author={Di Napoli, Edoardo and Polizzi, Eric and Saad, Yousef},
  journal={Numerical Linear Algebra with Applications},
  volume={23},
  number={4},
  pages={674--692},
  year={2016},
  publisher={Wiley Online Library}
}
@book{golub2012matrix,
  title={Matrix computations},
  author={Golub, Gene H and Van Loan, Charles F},
  volume={3},
  year={2012},
  publisher={JHU Press}
}
@article{hoorfar2007approximation,
  title={Approximation of the Lambert W function and hyperpower function},
  author={Hoorfar, Abdolhossein and Hassani, Mehdi},
  journal={Research report collection},
  volume={10},
  number={2},
  year={2007},
  publisher={School of Communications and Informatics, Faculty of Engineering and Science, Victoria University of Technology}
}
@article{hutchinson1990stochastic,
  title={A stochastic estimator of the trace of the influence matrix for laplacian smoothing splines},
  author={Hutchinson, Michael F},
  journal={Communications in Statistics-Simulation and Computation},
  volume={19},
  number={2},
  pages={433--450},
  year={1990},
  publisher={Taylor \& Francis}
}
@article{roosta2015improved,
  title={Improved bounds on sample size for implicit matrix trace estimators},
  author={Roosta-Khorasani, Farbod and Ascher, Uri},
  journal={Foundations of Computational Mathematics},
  volume={15},
  number={5},
  pages={1187--1212},
  year={2015},
  publisher={Springer}
}
@article{tropp2015introduction,
  title={An introduction to matrix concentration inequalities},
  author={Tropp, Joel A and others},
  journal={Foundations and Trends{\textregistered} in Machine Learning},
  volume={8},
  number={1-2},
  pages={1--230},
  year={2015},
  publisher={Now Publishers, Inc.}
}
@book{vershynin2018high,
  title={High-dimensional probability: An introduction with applications in data science},
  author={Vershynin, Roman},
  volume={47},
  year={2018},
  publisher={Cambridge University Press}
}
@book{wasserman2013all,
  title={All of statistics: a concise course in statistical inference},
  author={Wasserman, Larry},
  year={2013},
  publisher={Springer Science \& Business Media}
}
@inproceedings{wimmer2014optimal,
  title={Optimal query complexity for estimating the trace of a matrix},
  author={Wimmer, Karl and Wu, Yi and Zhang, Peng},
  booktitle={International Colloquium on Automata, Languages, and Programming},
  pages={1051--1062},
  year={2014},
  organization={Springer}
}
@article{woodruff2014sketching,
  title={Sketching as a tool for numerical linear algebra},
  author={Woodruff, David P and others},
  journal={Foundations and Trends{\textregistered} in Theoretical Computer Science},
  volume={10},
  number={1--2},
  pages={1--157},
  year={2014},
  publisher={Now Publishers, Inc.}
}
@inproceedings{zhang2015distributed,
  title={Distributed estimation of generalized matrix rank: Efficient algorithms and lower bounds},
  author={Zhang, Yuchen and Wainwright, Martin and Jordan, Michael},
  booktitle={International Conference on Machine Learning},
  pages={457--465},
  year={2015}
}
